% This is a bibliography for the 2016 Conferences template. 

@article{Herbe_1997,
author = {Herbe, L. and Lundqvist, P.},
title = {{CFC} and {HCFC} refrigerants retrofit---experiences and results},
journal = {International Journal of Refrigeration},
year = {1997},
volume = {20},
number = {1},
pages = {49--54},
OPTdoi = {http://dx.doi.org/10.1016/S0140-7007(96)00050-3},
OPTurl = {http://www.sciencedirect.com/science/article/pii/S0140700796000503},
}

@article{Cheap_1986,
author = {Cheap, I. R. and Fee, W.},
title = {Conference attendance on a shoestring budget},
journal = {International Journal of Cost-effective Research},
year = {1986},
volume = {7},
number = {4},
pages = {78--93},
}

@inproceedings{Forbes_1996,
author = {Forbes-Pearson, S.},
editor = {{Commissions B1, B2, E1, and E2}},
title = {Uses of hydrocarbon refrigerants},
booktitle = {Applications of Natural Refrigerants: Proceedings of the 2nd {IIR-Gustav Lorentzen Conference on Natural Working Fluids, Aarhus, Denmark}},
year = {1996},
publisher = {IIF/IIR},
address = {Paris, France},
chapter = {Hydrocarbons in Commercial Refrigeration},
pages = {439--446},
}

@book{Janna_1986,
author = {Janna, S. W.},
title = {Engineering Heat Transfer},
year = {1986},
publisher = {PWS Publishers},
address = {Boston, MA},
isbn = {978-0-53-406204-0},
}

@inbook{Duminil_1995,
author = {Duminil, M.},
title = {Principes de la production du froid},
booktitle = {La cha\^{\i}ne du froid---Le froid au service de l'homme},
year = {1995},
editor = {D. C\^{o}me and R. Ulrich},
publisher = {\'{E}ditions Hermann},
address = {Paris, France},
OPTisbn = {978-2-7056-6203-5},
OPTchapter = {chapter},
pages = {33--144},
isbn = {978-2-7056-6203-5},
}